<?xml version="1.0"?>
<zs:searchRetrieveResponse xmlns:zs="http://www.loc.gov/zing/srw/"><zs:version>1.1</zs:version><zs:numberOfRecords>1</zs:numberOfRecords><zs:records><zs:record><zs:recordSchema>info:srw/schema/1/marcxml-v1.1</zs:recordSchema><zs:recordPacking>xml</zs:recordPacking><zs:recordData><record xmlns="http://www.loc.gov/MARC21/slim">
  <leader>03208nam a2200829 c 4500</leader>
  <controlfield tag="001">BV041201260</controlfield>
  <controlfield tag="003">DE-604</controlfield>
  <controlfield tag="005">20150917        </controlfield>
  <controlfield tag="007">t</controlfield>
  <controlfield tag="008">130802s2013             m||| 00||| ger d</controlfield>
  <datafield tag="020" ind1=" " ind2=" ">
    <subfield code="a">9783863864880</subfield>
    <subfield code="9">978-3-86386-488-0</subfield>
  </datafield>
  <datafield tag="040" ind1=" " ind2=" ">
    <subfield code="a">DE-604</subfield>
    <subfield code="b">ger</subfield>
    <subfield code="e">rakwb</subfield>
  </datafield>
  <datafield tag="100" ind1="1" ind2=" ">
    <subfield code="a">Kraus, Eva</subfield>
    <subfield code="d">1976-</subfield>
    <subfield code="e">Verfasser</subfield>
    <subfield code="0">(DE-588)1032977213</subfield>
    <subfield code="4">aut</subfield>
  </datafield>
  <datafield tag="245" ind1="1" ind2="0">
    <subfield code="a">&#x98;Das&#x9C; Deutsche Jugendherbergswerk</subfield>
    <subfield code="b">1909 - 1933 ; Programm - Personen - Gleichschaltung</subfield>
    <subfield code="c">Eva Kraus</subfield>
  </datafield>
  <datafield tag="246" ind1="1" ind2="3">
    <subfield code="a">&#x98;Das&#x9C; Deutsche Jugendherbergswerk und seine Gleichschaltung durch die Hitlerjugend (1909 - 1933)</subfield>
  </datafield>
  <datafield tag="250" ind1=" " ind2=" ">
    <subfield code="a">1. Aufl.</subfield>
  </datafield>
  <datafield tag="264" ind1=" " ind2="1">
    <subfield code="a">Berlin</subfield>
    <subfield code="b">Pro Business</subfield>
    <subfield code="c">2013</subfield>
  </datafield>
  <datafield tag="300" ind1=" " ind2=" ">
    <subfield code="a">450 S.</subfield>
  </datafield>
  <datafield tag="502" ind1=" " ind2=" ">
    <subfield code="a">Zugl.: Paderborn, Univ., Diss., 2011 u.d.T.: Kraus, Eva: Das Deutsche Jugendherbergswerk und seine Gleichschaltung durch die Hitlerjugend (1909 - 1933)</subfield>
  </datafield>
  <datafield tag="600" ind1="1" ind2="7">
    <subfield code="a">Schirrmann, Richard</subfield>
    <subfield code="2">fes</subfield>
  </datafield>
  <datafield tag="610" ind1="1" ind2="7">
    <subfield code="a">Reichsverband f&#xFC;r Deutsche Jugendherbergen</subfield>
    <subfield code="2">gnd</subfield>
  </datafield>
  <datafield tag="610" ind1="2" ind2="7">
    <subfield code="a">Deutsches Jugendherbergswerk</subfield>
    <subfield code="0">(DE-588)2008874-7</subfield>
    <subfield code="2">gnd</subfield>
  </datafield>
  <datafield tag="651" ind1=" " ind2="7">
    <subfield code="a">Bayern</subfield>
    <subfield code="0">(DE-588)4005044-0</subfield>
    <subfield code="2">gnd</subfield>
  </datafield>
  <datafield tag="655" ind1=" " ind2="7">
    <subfield code="0">(DE-588)4113937-9</subfield>
    <subfield code="a">Hochschulschrift</subfield>
    <subfield code="2">gnd-content</subfield>
  </datafield>
  <datafield tag="940" ind1="1" ind2=" ">
    <subfield code="n">DHB</subfield>
  </datafield>
  <datafield tag="940" ind1="1" ind2=" ">
    <subfield code="n">by</subfield>
  </datafield>
  <datafield tag="940" ind1="1" ind2=" ">
    <subfield code="q">BSBahf</subfield>
  </datafield>
  <datafield tag="940" ind1="1" ind2=" ">
    <subfield code="q">DHB_BSB_DDC</subfield>
  </datafield>
  <datafield tag="940" ind1="1" ind2=" ">
    <subfield code="q">DHB_IFZ_BIBLIO_2014</subfield>
  </datafield>
  <datafield tag="940" ind1="1" ind2=" ">
    <subfield code="q">DHB_JDG_ISBN_1</subfield>
  </datafield>
  <datafield tag="940" ind1="1" ind2=" ">
    <subfield code="q">DHB_BSB_bsbahf</subfield>
  </datafield>
  <datafield tag="035" ind1=" " ind2=" ">
    <subfield code="a">(OCoLC)859375515</subfield>
  </datafield>
  <datafield tag="035" ind1=" " ind2=" ">
    <subfield code="a">(DE-599)BVBBV041201260</subfield>
  </datafield>
  <datafield tag="041" ind1="0" ind2=" ">
    <subfield code="a">ger</subfield>
  </datafield>
  <datafield tag="045" ind1=" " ind2=" ">
    <subfield code="a">019219172</subfield>
  </datafield>
  <datafield tag="049" ind1=" " ind2=" ">
    <subfield code="a">DE-M335</subfield>
    <subfield code="a">DE-12</subfield>
    <subfield code="a">DE-Bo133</subfield>
    <subfield code="a">DE-M352</subfield>
    <subfield code="a">DE-739</subfield>
    <subfield code="a">DE-M37</subfield>
    <subfield code="a">DE-B1533</subfield>
    <subfield code="a">DE-M481</subfield>
    <subfield code="a">DE-11</subfield>
    <subfield code="a">DE-355</subfield>
  </datafield>
  <datafield tag="084" ind1=" " ind2=" ">
    <subfield code="a">8,1</subfield>
    <subfield code="2">ssgn</subfield>
  </datafield>
  <datafield tag="084" ind1=" " ind2=" ">
    <subfield code="a">w 185</subfield>
    <subfield code="2">ifzs</subfield>
  </datafield>
  <datafield tag="084" ind1=" " ind2=" ">
    <subfield code="a">w 142</subfield>
    <subfield code="2">ifzs</subfield>
  </datafield>
  <datafield tag="084" ind1=" " ind2=" ">
    <subfield code="a">MS 2500</subfield>
    <subfield code="2">rvk</subfield>
  </datafield>
  <datafield tag="084" ind1=" " ind2=" ">
    <subfield code="a">AHF II4._3/_0/_4</subfield>
    <subfield code="2">sdnb</subfield>
  </datafield>
  <datafield tag="084" ind1=" " ind2=" ">
    <subfield code="a">w 141.1</subfield>
    <subfield code="2">ifzs</subfield>
  </datafield>
  <datafield tag="084" ind1=" " ind2=" ">
    <subfield code="a">607502*by</subfield>
    <subfield code="2">sbb</subfield>
  </datafield>
  <datafield tag="336" ind1=" " ind2=" ">
    <subfield code="b">txt</subfield>
    <subfield code="2">rdacontent</subfield>
  </datafield>
  <datafield tag="337" ind1=" " ind2=" ">
    <subfield code="b">n</subfield>
    <subfield code="2">rdamedia</subfield>
  </datafield>
  <datafield tag="338" ind1=" " ind2=" ">
    <subfield code="b">nc</subfield>
    <subfield code="2">rdacarrier</subfield>
  </datafield>
  <datafield tag="648" ind1=" " ind2="7">
    <subfield code="a">Geschichte 1909-1932</subfield>
    <subfield code="2">gnd</subfield>
  </datafield>
  <datafield tag="648" ind1=" " ind2="7">
    <subfield code="a">Geschichte 1909-1933</subfield>
    <subfield code="2">gnd</subfield>
  </datafield>
  <datafield tag="648" ind1=" " ind2="7">
    <subfield code="a">Geschichte 1933</subfield>
    <subfield code="2">gnd</subfield>
  </datafield>
  <datafield tag="650" ind1=" " ind2="7">
    <subfield code="a">Geschichte</subfield>
    <subfield code="2">fes</subfield>
  </datafield>
  <datafield tag="650" ind1=" " ind2="7">
    <subfield code="a">Jugendherberge</subfield>
    <subfield code="2">fes</subfield>
  </datafield>
  <datafield tag="650" ind1=" " ind2="7">
    <subfield code="a">Nationalsozialismus</subfield>
    <subfield code="2">fes</subfield>
  </datafield>
  <datafield tag="650" ind1=" " ind2="7">
    <subfield code="a">Pers&#xF6;nlichkeit, Politik</subfield>
    <subfield code="2">fes</subfield>
  </datafield>
  <datafield tag="650" ind1=" " ind2="4">
    <subfield code="a">Deutschland/Deutsches Jugendherbergswerk</subfield>
  </datafield>
  <datafield tag="650" ind1=" " ind2="4">
    <subfield code="a">Deutschland</subfield>
    <subfield code="b">Freizeit</subfield>
    <subfield code="x">Jugendherbergen</subfield>
  </datafield>
  <datafield tag="650" ind1="0" ind2="7">
    <subfield code="a">Jugendbewegung</subfield>
    <subfield code="0">(DE-588)4028871-7</subfield>
    <subfield code="2">gnd</subfield>
  </datafield>
  <datafield tag="650" ind1="0" ind2="7">
    <subfield code="a">Gleichschaltung</subfield>
    <subfield code="0">(DE-588)4132828-0</subfield>
    <subfield code="2">gnd</subfield>
  </datafield>
  <datafield tag="650" ind1="0" ind2="7">
    <subfield code="a">Weltanschauung</subfield>
    <subfield code="0">(DE-588)4065348-1</subfield>
    <subfield code="2">gnd</subfield>
  </datafield>
  <datafield tag="689" ind1="0" ind2="0">
    <subfield code="a">Deutsches Jugendherbergswerk</subfield>
    <subfield code="0">(DE-588)2008874-7</subfield>
    <subfield code="D">b</subfield>
  </datafield>
  <datafield tag="689" ind1="0" ind2="1">
    <subfield code="a">Jugendbewegung</subfield>
    <subfield code="0">(DE-588)4028871-7</subfield>
    <subfield code="D">s</subfield>
  </datafield>
  <datafield tag="689" ind1="0" ind2="2">
    <subfield code="a">Weltanschauung</subfield>
    <subfield code="0">(DE-588)4065348-1</subfield>
    <subfield code="D">s</subfield>
  </datafield>
  <datafield tag="689" ind1="0" ind2="3">
    <subfield code="a">Geschichte 1909-1932</subfield>
    <subfield code="A">z</subfield>
  </datafield>
  <datafield tag="689" ind1="0" ind2=" ">
    <subfield code="5">DE-604</subfield>
  </datafield>
  <datafield tag="689" ind1="1" ind2="0">
    <subfield code="a">Deutsches Jugendherbergswerk</subfield>
    <subfield code="0">(DE-588)2008874-7</subfield>
    <subfield code="D">b</subfield>
  </datafield>
  <datafield tag="689" ind1="1" ind2="1">
    <subfield code="a">Gleichschaltung</subfield>
    <subfield code="0">(DE-588)4132828-0</subfield>
    <subfield code="D">s</subfield>
  </datafield>
  <datafield tag="689" ind1="1" ind2="2">
    <subfield code="a">Geschichte 1933</subfield>
    <subfield code="A">z</subfield>
  </datafield>
  <datafield tag="689" ind1="1" ind2=" ">
    <subfield code="5">DE-604</subfield>
  </datafield>
  <datafield tag="689" ind1="2" ind2="0">
    <subfield code="a">Bayern</subfield>
    <subfield code="0">(DE-588)4005044-0</subfield>
    <subfield code="D">g</subfield>
  </datafield>
  <datafield tag="689" ind1="2" ind2="1">
    <subfield code="a">Deutsches Jugendherbergswerk</subfield>
    <subfield code="0">(DE-588)2008874-7</subfield>
    <subfield code="D">b</subfield>
  </datafield>
  <datafield tag="689" ind1="2" ind2="2">
    <subfield code="a">Geschichte 1909-1933</subfield>
    <subfield code="A">z</subfield>
  </datafield>
  <datafield tag="689" ind1="2" ind2=" ">
    <subfield code="C">b</subfield>
    <subfield code="5">DE-604</subfield>
  </datafield>
  <datafield tag="856" ind1="4" ind2="2">
    <subfield code="m">Digitalisierung BSB Muenchen 3</subfield>
    <subfield code="q">application/pdf</subfield>
    <subfield code="u">http://bvbr.bib-bvb.de:8991/F?func=service&amp;doc_library=BVB01&amp;local_base=BVB01&amp;doc_number=026176130&amp;sequence=000002&amp;line_number=0001&amp;func_code=DB_RECORDS&amp;service_type=MEDIA</subfield>
    <subfield code="3">Inhaltsverzeichnis</subfield>
  </datafield>
</record></zs:recordData><zs:recordPosition>1</zs:recordPosition></zs:record></zs:records></zs:searchRetrieveResponse>
